@phdthesis
{
	boquist-phd,
	author = {Urban Boquist},
	school = {{Chalmers University of Technology and Göteborg University}},
	title ={{Code Optimisation Techniques for Lazy Functional Languages}},
	year = {1999},
	isbn = {91-7197-792-9}
}

@inproceedings
{
	boquist-grin,
	author = {Boquist, Urban and Johnsson, Thomas},
	title = {{The GRIN Project: A Highly Optimising Back End for Lazy Functional Languages}},
	booktitle = {{Selected Papers from the 8th International Workshop on Implementation of Functional Languages}},
	series = {IFL '96},
	year = {1997},
	isbn = {3-540-63237-9},
	pages = {58--84},
	numpages = {27},
	url = {http://dl.acm.org/citation.cfm?id=647975.743083},
	acmid = {743083},
	publisher = {{Springer-Verlag}},
	address = {Berlin, Heidelberg}
}

@mastersthesis
{
	remi-masters,
	author = {Remi Turk},
	school = {{Universiteit van Amsterdam}},
	title ={{A modern back-end for a dependently typed language}},
	year = {2010}
}

@inproceedings
{ 
	uhc,
	author = {Dijkstra, Atze and Fokker, Jeroen and Swierstra, S. Doaitse},
	title = {{The Architecture of the Utrecht Haskell Compiler}},
	booktitle = {{Proceedings of the 2Nd ACM SIGPLAN Symposium on Haskell}},
	series = {Haskell '09},
	year = {2009},
	isbn = {978-1-60558-508-6},
	location = {Edinburgh, Scotland},
	pages = {93--104},
	numpages = {12},
	url = {http://doi.acm.org/10.1145/1596638.1596650},
	doi = {10.1145/1596638.1596650},
	acmid = {1596650},
	publisher = {ACM},
	address = {New York, NY, USA},
	keywords = {aspect orientation, attribute grammar, compiler architecture, haskell},
} 

@article
{	hrc,
	author = {Liu, Hai and Glew, Neal and Petersen, Leaf and Anderson, Todd A.},
	title = {{The Intel Labs Haskell Research Compiler}},
	journal = {{SIGPLAN Not.}},
	issue_date = {December 2013},
	volume = {48},
	number = {12},
	month = sep,
	year = {2013},
	issn = {0362-1340},
	pages = {105--116},
	numpages = {12},
	url = {http://doi.acm.org/10.1145/2578854.2503779},
	doi = {10.1145/2578854.2503779},
	acmid = {2503779},
	publisher = {ACM},
	address = {New York, NY, USA},
	keywords = {compiler optimization, functional language compiler, haskell},
}

@inproceedings
{ haskell-gap,
	author = {Petersen, Leaf and Anderson, Todd A. and Liu, Hai and Glew, Neal},
	title = {{Measuring the Haskell Gap}},
	booktitle = {{Proceedings of the 25th Symposium on Implementation and Application of Functional Languages}},
	series = {IFL '13},
	year = {2014},
	isbn = {978-1-4503-2988-0},
	location = {Nijmegen, Netherlands},
	pages = {61:61--61:72},
	articleno = {61},
	numpages = {12},
	url = {http://doi.acm.org/10.1145/2620678.2620685},
	doi = {10.1145/2620678.2620685},
	acmid = {2620685},
	publisher = {ACM},
	address = {New York, NY, USA},
} 

@techreport{
	mlton-llvm,
	author = {Brian Andrew Leibig},
	title = {An LLVM Back-end for MLton},
	year = {2013},
	url = {https://www.cs.rit.edu/~mtf/student-resources/20124_leibig_msproject.pdf},
	note = {A Project Report Submitted in Partial Fulfillment of the Requirements for the Degree of Master of Science in Computer Science},
	institution = {Department of Computer Science, B. Thomas Golisano College of Computing and Information Sciences},
}

@article
{	
	contification,
	author = {Fluet, Matthew and Weeks, Stephen},
	title = {{Contification Using Dominators}},
	journal = {{SIGPLAN Not.}},
	issue_date = {October 2001},
	volume = {36},
	number = {10},
	month = oct,
	year = {2001},
	issn = {0362-1340},
	pages = {2--13},
	numpages = {12},
	url = {http://doi.acm.org/10.1145/507669.507639},
	doi = {10.1145/507669.507639},
	acmid = {507639},
	publisher = {ACM},
	address = {New York, NY, USA},
} 

@inproceedings
{
	mlton,
	author = {Weeks, Stephen},
	title = {{Whole-program Compilation in MLton}},
	booktitle = {{Proceedings of the 2006 Workshop on ML}},
	series = {ML '06},
	year = {2006},
	isbn = {1-59593-483-9},
	location = {Portland, Oregon, USA},
	pages = {1--1},
	numpages = {1},
	url = {http://doi.acm.org/10.1145/1159876.1159877},
	doi = {10.1145/1159876.1159877},
	acmid = {1159877},
	publisher = {ACM},
	address = {New York, NY, USA},
} 

@inproceedings
{ 
	llvm-2004,
	author  = {Chris Lattner and Vikram Adve},
	title = {{LLVM}: A Compilation Framework for Lifelong Program Analysis and Transformation},
	booktitle = {CGO},
	address = {San Jose, CA, USA},
	month = {Mar},
	year  = {2004},
	pages       = {75--88},
}

@misc
{
	clang,
	title = {{Clang: a C language family front end for LLVM}},
	url = {https://clang.llvm.org}
}

@inproceedings
{
	ghc,
	author = {Hall, Cordelia V. and Hammond, Kevin and Partain, Will and Peyton Jones, Simon L. and Wadler, Philip},
	title = {{The Glasgow Haskell Compiler: A Retrospective}},
	booktitle = {{Proceedings of the 1992 Glasgow Workshop on Functional Programming}},
	year = {1993},
	isbn = {3-540-19820-2},
	pages = {62--71},
	numpages = {10},
	url = {http://dl.acm.org/citation.cfm?id=647557.729914},
	acmid = {729914},
	publisher = {{Springer-Verlag}},
	address = {London, UK},
}

@article
{
	idris, 
	title={Idris, a general-purpose dependently typed programming language: Design and implementation},
	volume={23}, 
	DOI={10.1017/S095679681300018X}, 
	number={5}, 
	journal={{Journal of Functional Programming}}, 
	publisher={Cambridge University Press}, 
	author={{Brady, Edwin}}, 
	year={2013}, 
	pages={552–593}
}